@article{whitepaper,
    title = {Bitcoin: A Peer-to-Peer Electronic Cash System},
    author = {Satoshi Nakamoto},
    journal = "bitcoin.org",
    url = "https://bitcoin.org/bitcoin.pdf",
    date = "2008-10-31"
}

@article{staleorphans,
    author = "Pieter Wuille",
    journal = "Bitcoin StackExchange",
    url = "https://bitcoin.stackexchange.com/questions/5859/what-are-orphaned-and-stale-blocks",
    year = 2015
}

@article{attacks,
    title = "Irreversible Transactions",
    journal = "Bitcoin Wiki",
    url = "https://en.bitcoin.it/wiki/Irreversible_Transactions",
    year = 2017
}

@article{centralization,
    title = "Stop. Calling. Bitcoin. Decentralized.",
    author = "Egor Homakov",
    journal = "Medium.com",
    url = "https://medium.com/@homakov/stop-calling-bitcoin-decentralized-cb703d69dc27",
    year = 2017
}

@article{ltcvsbtc,
    title = "What is the Difference Between Litecoin and Bitcoin?",
    url = "https://coindesk.com/information/comparing-litecoin-bitcoin/",
    year = 2014
}

@article{ethboom,
    title = "Video card prices and Cryptocurrency mining - what's going on?",
    author = "CustardFilled",
    journal = "BuildAPC subreddit",
    url = "https://www.reddit.com/r/buildapc/comments/6jl60i/video_card_prices_and_cryptocurrency_mining_whats/",
    year = 2017,
    month = jun
}

@misc{ripple,
    url = "https://ripple.com/xrp/market-performance/",
}

@article{controversy,
    title = "Why is Bitcoin so controversial?",
    journal = "Unocoin Blog",
    url = "https://blog.unocoin.com/why-is-bitcoin-so-controversial-527caf8ee4c7",
    year = 2017,
    month = oct,
    day = 17
}

@article{bigblocks,
    title = "The Centralization Issue of Scaling BTC Solely by Block Size Increase",
    author = "Joseph Young",
    journal = "News BTC",
    url = "https://newsbtc.com/2017/11/12/61408/",
    year = 2017,
    month = nov,
    day = 12
}

@article{dubai,
    title = "50 luxury flats in Dubai have been sold for bitcoin — and one buyer bought 10",
    author = "Oscar Williams-Grut",
    journal = "Business Insider UK",
    url = "http://uk.businessinsider.com/50-dubai-luxury-flats-sold-for-bitcoin-and-one-buyer-bought-10-2018-2?IR=T",
    date = "2018-2-10"
}

@article{accepting,
    title = "Who Accepts Bitcoins As Payment? List of Companies, Stores, Shops",
    author = "Jonas Chokun",
    journal = "99Bitcoins.com",
    url = "https://99bitcoins.com/who-accepts-bitcoins-payment-companies-stores-take-bitcoins/",
    date = "2018-3-15"
}

@article{rovereto,
    title = "A Rovereto nella Bitcoin Valley, dove puoi comprare tutto con la criptovaluta e dei dipendenti si fanno già pagare l'intero stipendio così",
    author = "Luca Pianesi",
    journal = "Il Dolomiti",
    url = "http://ildolomiti.it/societa/rovereto-nella-bitcoin-valley-dove-puoi-comprare-tutto-con-la-criptovaluta-e-dei-dipendenti",
    date = "2017-3-10"
}

@article{elizavetovka,
    title = "A Ukranian Village Where Everyone Owns Cryptocurrency",
    author = "Sharat Chandra",
    journal = "BCFocus",
    url = "https://bcfocus.com/news/latest-news-news/a-ukranian-village-where-everyone-owns-cryptocurrency/7977/",
    date = "2018-5-5"
}

@inbook{crisi29,
    chapter = "La Grande depressione",
    title = "La realtà del passato 3: il novecento e il mondo attuale",
    pages = 561,
    author = "Alberto De Bernardi and Scipione Guarracino",
    editor = "Bruno Mondadori",
    year = 2014,
}

@article{verlawsuit,
    title = "Bitcoin Cash Opposers Scrap Lawsuit Against Bitcoin.com, Citing Lack Of Cash",
    author = "Marie Huillet",
    journal = "Cointelegraph",
    url = "https://cointelegraph.com/news/pro-btc-movement-scraps-lawsuit-against-vers-bitcoincom-citing-lack-of-funds",
    date = "2018-5-4"
}
